
@article{donovan_new_2016,
	title = {New {York} {City} {Taxi} {Trip} {Data} (2010-2013)},
	url = {https://databank.illinois.edu/datasets/IDB-9610843},
	doi = {10.13012/J8PN93H8},
	language = {en},
	urldate = {2018-10-26},
	author = {Donovan, Brian and Work, Dan},
	year = {2016},
	file = {Snapshot:C\:\\Users\\Paschalis\\Zotero\\storage\\CTBHUIXC\\IDB-9610843.html:text/html}
}

@misc{noauthor_relation:_nodate,
	title = {Relation: ‪{New} {York} {City}‬ (‪175905‬)},
	shorttitle = {Relation},
	url = {https://www.openstreetmap.org/relation/175905},
	abstract = {OpenStreetMap is a map of the world, created by people like you and free to use under an open licence.},
	language = {en-GB},
	urldate = {2018-10-26},
	journal = {OpenStreetMap},
	file = {Snapshot:C\:\\Users\\Paschalis\\Zotero\\storage\\D4LKJTQM\\175905.html:text/html}
}